<record xmlns="http://www.loc.gov/MARC21/slim" xmlns:xsi="http://www.w3.org/2001/XMLSchema-instance" xsi:schemaLocation="http://www.loc.gov/MARC21/slim http://www.loc.gov/standards/marcxml/schema/MARC21slim.xsd"><leader>00037nz   2200037n  4500</leader><controlfield tag="001">DNB|102402140</controlfield><controlfield tag="003">DNB</controlfield><controlfield tag="005">19960808164435.0</controlfield><controlfield tag="008">930416|||az|nnaa|||||||||||| a|aaa|||| d</controlfield><datafield ind1="7" ind2=" " tag="016"><subfield code="a">102402140</subfield><subfield code="2">GyFmDB</subfield></datafield><datafield ind1=" " ind2=" " tag="040"><subfield code="a">0000</subfield><subfield code="b">ger</subfield><subfield code="d">9999</subfield><subfield code="f">RAK-PND</subfield></datafield><datafield ind1="1" ind2=" " tag="045"><subfield code="b">dca. 276/243 v. Chr.</subfield></datafield><datafield ind1="0" ind2=" " tag="100"><subfield code="a">Persaeus,</subfield><subfield code="c">Citieus</subfield><subfield code="d">ca. 276/243 v. Chr.</subfield></datafield><datafield ind1="0" ind2=" " tag="400"><subfield code="a">Persaios,</subfield><subfield code="c">von Kition</subfield><subfield code="d">ca. 276/243 v. Chr.</subfield></datafield><datafield ind1="0" ind2=" " tag="400"><subfield code="a">Persaeus,</subfield><subfield code="c">Philosophus</subfield><subfield code="d">ca. 276/243 v. Chr.</subfield></datafield><datafield ind1="0" ind2=" " tag="400"><subfield code="a">Persaeus,</subfield><subfield code="c">Citiensis</subfield><subfield code="d">ca. 276/243 v. Chr.</subfield></datafield><datafield ind1="0" ind2=" " tag="400"><subfield code="a">Persaeus,</subfield><subfield code="c">Stoicus</subfield><subfield code="d">ca. 276/243 v. Chr.</subfield></datafield><datafield ind1="0" ind2=" " tag="400"><subfield code="a">Perseo,</subfield><subfield code="c">di Cizio</subfield><subfield code="d">ca. 276/243 v. Chr.</subfield></datafield><datafield ind1=" " ind2=" " tag="678"><subfield code="a">FGrH 584</subfield></datafield><datafield ind1=" " ind2=" " tag="922"><subfield code="a">gw</subfield><subfield code="9">1</subfield></datafield></record>